
@article{cortes_auc_nodate,
	title = {{AUC} {Optimization} vs. {Error} {Rate} {Minimization}},
	language = {en},
	author = {Cortes, Corinna and Mohri, Mehryar},
	pages = {8}
}

@article{ling_auc_nodate,
	title = {{AUC}: a {Statistically} {Consistent} and more {Discriminating} {Measure} than {Accuracy}},
	language = {en},
	author = {Ling, Charles X and Huang, Jin and Zhang, Harry},
	pages = {6}
}

@article{jin_huang_using_2005,
	title = {Using {AUC} and accuracy in evaluating learning algorithms},
	volume = {17},
	issn = {1041-4347},
	url = {http://ieeexplore.ieee.org/document/1388242/},
	doi = {10.1109/TKDE.2005.50},
	language = {en},
	number = {3},
	urldate = {2020-08-19},
	journal = {IEEE Trans. Knowl. Data Eng.},
	author = {{Jin Huang} and Ling, C.X.},
	month = mar,
	year = {2005}
}
